%% This BibTeX bibliography file was created using BibDesk.
%% https://bibdesk.sourceforge.io/

%% Created for Egor Kozlov at 2019-06-02 18:42:10 -0500 


%% Saved with string encoding Unicode (UTF-8) 



@article{schneider,
	Author = {Schneider, Daniel and Hastings, Orestes P and LaBriola, Joe},
	Date-Added = {2019-06-02 23:42:04 +0000},
	Date-Modified = {2019-06-02 23:42:10 +0000},
	Journal = {American Sociological Review},
	Number = {3},
	Pages = {475--507},
	Publisher = {SAGE Publications Sage CA: Los Angeles, CA},
	Title = {Income inequality and class divides in parental investments},
	Volume = {83},
	Year = {2018}}

@article{payne,
	Author = {Payne, Krista K},
	Date-Added = {2019-05-22 23:49:41 +0000},
	Date-Modified = {2019-05-22 23:49:47 +0000},
	Journal = {National Center for Family and Marriage Research, Bowling Green State University},
	Title = {Children's family structure, 2013},
	Year = {2013}}

@article{copen,
	Author = {Copen, Casey E and Daniels, Kimberly and Vespa, Jonathan},
	Date-Added = {2019-05-22 23:39:32 +0000},
	Date-Modified = {2019-05-22 23:39:42 +0000},
	Title = {First marriages in the United States; data from the 2006-2010 National Survey of Family Growth},
	Year = {2012}}

@article{pollak,
	Author = {Ginther, Donna K and Pollak, Robert A},
	Date-Added = {2019-05-22 22:50:21 +0000},
	Date-Modified = {2019-05-22 22:50:42 +0000},
	Journal = {Demography},
	Number = {4},
	Pages = {671--696},
	Publisher = {Springer},
	Title = {Family structure and children's educational outcomes: Blended families, stylized facts, and descriptive regressions},
	Volume = {41},
	Year = {2004}}

@article{akerlof,
	Author = {Akerlof, George A and Yellen, Janet L and Katz, Michael L},
	Date-Added = {2019-05-22 17:32:25 +0000},
	Date-Modified = {2019-05-22 17:32:30 +0000},
	Journal = {The Quarterly Journal of Economics},
	Number = {2},
	Pages = {277--317},
	Publisher = {MIT Press},
	Title = {An analysis of out-of-wedlock childbearing in the United States},
	Volume = {111},
	Year = {1996}}

@article{kearney,
	Author = {Kearney, Melissa S and Levine, Phillip B},
	Date-Added = {2019-05-22 17:21:19 +0000},
	Date-Modified = {2019-05-22 17:21:27 +0000},
	Journal = {Annual Review of Economics},
	Pages = {327--352},
	Publisher = {Annual Reviews},
	Title = {The Economics of Nonmarital Childbearing and the Marriage Premium for Children},
	Volume = {9},
	Year = {2017}}

@article{ejrnaes,
	Author = {Ejrn{\ae}s, M and J{\o}rgensen, TH},
	Date-Added = {2019-05-22 16:58:37 +0000},
	Date-Modified = {2019-05-22 17:00:12 +0000},
	Journal = {Unpublished working paper, Department of Economics, University of Copenhagen},
	Title = {Saving behavior around intended and unintended childbirths},
	Year = {2018}}

@article{sommer,
	Author = {Sommer, Kamila},
	Date-Added = {2019-05-22 16:54:02 +0000},
	Date-Modified = {2019-05-22 16:54:08 +0000},
	Journal = {Journal of Monetary Economics},
	Pages = {27--38},
	Publisher = {Elsevier},
	Title = {Fertility choice in a life cycle model with idiosyncratic uninsurable earnings risk},
	Volume = {83},
	Year = {2016}}

@article{shephard,
	Author = {Shephard, Andrew},
	Date-Added = {2019-05-22 16:45:52 +0000},
	Date-Modified = {2019-05-22 16:46:02 +0000},
	Publisher = {PIER Working Paper},
	Title = {Marriage market dynamics, gender, and the age gap},
	Year = {2019}}

@techreport{low-1,
	Author = {Low, Hamish and Meghir, Costas and Pistaferri, Luigi and Voena, Alessandra},
	Date-Added = {2019-05-22 16:41:23 +0000},
	Date-Modified = {2019-05-22 16:41:30 +0000},
	Institution = {National Bureau of Economic Research},
	Title = {Marriage, Labor Supply and the Dynamics of the Social Safety Net},
	Year = {2018}}

@article{voena-1,
	Author = {Voena, Alessandra},
	Date-Added = {2019-05-22 16:39:30 +0000},
	Date-Modified = {2019-05-22 16:39:36 +0000},
	Journal = {American Economic Review},
	Number = {8},
	Pages = {2295--2332},
	Title = {Yours, mine, and ours: Do divorce laws affect the intertemporal behavior of married couples?},
	Volume = {105},
	Year = {2015}}

@article{chiappori-review,
	Author = {Chiappori, Pierre-Andre and Mazzocco, Maurizio},
	Date-Added = {2019-05-22 16:14:15 +0000},
	Date-Modified = {2019-05-22 16:14:23 +0000},
	Journal = {Journal of Economic Literature},
	Number = {3},
	Pages = {985--1045},
	Title = {Static and intertemporal household decisions},
	Volume = {55},
	Year = {2017}}

@techreport{lafortune-1,
	Author = {Lafortune, Jeanne and Low, Corinne},
	Date-Added = {2018-06-07 18:05:09 +0000},
	Date-Modified = {2019-05-22 17:19:35 +0000},
	Institution = {Institute for the Study of Labor (IZA)},
	Keywords = {marriage; commitment; child investment; housing},
	Number = {11176},
	Title = {{Betting the House: How Assets Influence Marriage Selection, Marital Stability, and Child Investments}},
	Type = {IZA Discussion Papers},
	Url = {https://ideas.repec.org/p/iza/izadps/dp11176.html},
	Year = 2018,
	Bdsk-Url-1 = {https://ideas.repec.org/p/iza/izadps/dp11176.html}}
