%% This BibTeX bibliography file was created using BibDesk.
%% https://bibdesk.sourceforge.io/

%% Created for Egor Kozlov at 2020-05-31 14:30:03 +0300 


%% Saved with string encoding Unicode (UTF-8) 



@article{dfols,
	Author = {Cartis, Coralia and Fiala, Jan and Marteau, Benjamin and Roberts, Lindon},
	Date-Added = {2020-05-31 11:29:55 +0000},
	Date-Modified = {2020-05-31 11:30:01 +0000},
	Journal = {ACM Transactions on Mathematical Software (TOMS)},
	Number = {3},
	Pages = {1--41},
	Publisher = {ACM New York, NY, USA},
	Title = {Improving the flexibility and robustness of model-based derivative-free optimization solvers},
	Volume = {45},
	Year = {2019}}

@techreport{benchmarking,
	Author = {Arnoud, Antoine and Guvenen, Fatih and Kleineberg, Tatjana},
	Date-Added = {2020-05-31 11:28:54 +0000},
	Date-Modified = {2020-05-31 11:29:02 +0000},
	Institution = {National Bureau of Economic Research},
	Title = {Benchmarking Global Optimizers},
	Year = {2019}}

@article{reynoso,
	Author = {Reynoso, Ana},
	Date-Added = {2020-05-31 11:26:50 +0000},
	Date-Modified = {2020-05-31 11:27:00 +0000},
	Journal = {Unpublished manuscript},
	Title = {The impact of divorce laws on the equilibrium in the marriage market},
	Year = {2018}}

@article{liseyamada,
	Author = {Lise, Jeremy and Yamada, Ken},
	Date-Added = {2020-02-17 16:23:40 +0000},
	Date-Modified = {2020-02-17 16:23:51 +0000},
	Journal = {The Review of Economic Studies},
	Number = {5},
	Pages = {2184--2219},
	Publisher = {Oxford University Press},
	Title = {Household sharing and commitment: Evidence from panel data on individual expenditures and time use},
	Volume = {86},
	Year = {2019}}

@article{mazzocco,
	Author = {Mazzocco, Maurizio},
	Date-Added = {2020-02-12 18:23:39 +0000},
	Date-Modified = {2020-02-12 18:23:45 +0000},
	Journal = {The Review of Economic Studies},
	Number = {3},
	Pages = {857--895},
	Publisher = {Wiley-Blackwell},
	Title = {Household intertemporal behaviour: A collective characterization and a test of commitment},
	Volume = {74},
	Year = {2007}}

@article{marcetmarimon,
	Author = {Marcet, Albert and Marimon, Ramon},
	Date-Added = {2020-02-12 18:20:59 +0000},
	Date-Modified = {2020-02-12 18:21:07 +0000},
	Journal = {Econometrica},
	Number = {5},
	Pages = {1589--1631},
	Publisher = {Wiley Online Library},
	Title = {Recursive contracts},
	Volume = {87},
	Year = {2019}}

@article{kocherlakota,
	Author = {Kocherlakota, Narayana R},
	Date-Added = {2020-02-12 18:18:45 +0000},
	Date-Modified = {2020-02-12 18:18:50 +0000},
	Journal = {The Review of Economic Studies},
	Number = {4},
	Pages = {595--609},
	Publisher = {Wiley-Blackwell},
	Title = {Implications of efficient risk sharing without commitment},
	Volume = {63},
	Year = {1996}}

@article{chetty,
	Author = {Chetty, Raj and Hendren, Nathaniel},
	Date-Added = {2020-02-12 18:06:59 +0000},
	Date-Modified = {2020-02-12 18:07:04 +0000},
	Journal = {The Quarterly Journal of Economics},
	Number = {3},
	Pages = {1163--1228},
	Publisher = {Oxford University Press},
	Title = {The impacts of neighborhoods on intergenerational mobility II: County-level estimates},
	Volume = {133},
	Year = {2018}}

@unpublished{rosenbaum,
	Author = {Rosenbaum, Philip},
	Date-Added = {2020-02-12 17:54:02 +0000},
	Date-Modified = {2020-02-12 17:55:16 +0000},
	Title = {Does Early Childbearing Matter?: New Approach Using Danish Register Data},
	Year = {2019}}

@article{cardwise,
	Author = {Card, Josefina J and Wise, Lauress L},
	Date-Added = {2020-02-12 17:50:32 +0000},
	Date-Modified = {2020-02-12 17:50:36 +0000},
	Journal = {Family planning perspectives},
	Number = {4},
	Pages = {199--205},
	Publisher = {JSTOR},
	Title = {Teenage mothers and teenage fathers: The impact of early childbearing on the parents' personal and professional lives},
	Volume = {10},
	Year = {1978}}

@article{ashcraft,
	Author = {Ashcraft, Adam and Fern{\'a}ndez-Val, Iv{\'a}n and Lang, Kevin},
	Date-Added = {2020-02-12 17:48:49 +0000},
	Date-Modified = {2020-02-12 17:48:56 +0000},
	Journal = {The Economic Journal},
	Number = {571},
	Pages = {875--905},
	Publisher = {Oxford University Press Oxford, UK},
	Title = {The consequences of teenage childbearing: Consistent estimates when abortion makes miscarriage non-random},
	Volume = {123},
	Year = {2013}}

@article{chiappori1997,
	Author = {Chiappori, Pierre-Andre},
	Date-Added = {2020-02-12 17:24:52 +0000},
	Date-Modified = {2020-02-12 17:25:00 +0000},
	Journal = {Journal of Political Economy},
	Number = {1},
	Pages = {191--209},
	Publisher = {The University of Chicago Press},
	Title = {Introducing household production in collective models of labor supply},
	Volume = {105},
	Year = {1997}}

@book{becker1981,
	Author = {Becker, Gary S},
	Date-Added = {2020-02-12 17:04:20 +0000},
	Date-Modified = {2020-02-12 17:19:28 +0000},
	Publisher = {National Bureau of Economic Research, Inc},
	Series = {NBER Books},
	Title = {A Treatise on the Family},
	Year = {1981}}

@article{greenwood,
	Author = {Greenwood, Jeremy and Guner, Nezih and Kocharkov, Georgi and Santos, Cezar},
	Date-Added = {2020-02-12 02:22:40 +0000},
	Date-Modified = {2020-02-12 02:22:46 +0000},
	Doi = {10.1257/mac.20130156},
	Journal = {American Economic Journal: Macroeconomics},
	Month = {January},
	Number = {1},
	Pages = {1-41},
	Title = {Technology and the Changing Family: A Unified Model of Marriage, Divorce, Educational Attainment, and Married Female Labor-Force Participation},
	Url = {http://www.aeaweb.org/articles?id=10.1257/mac.20130156},
	Volume = {8},
	Year = {2016},
	Bdsk-Url-1 = {http://www.aeaweb.org/articles?id=10.1257/mac.20130156},
	Bdsk-Url-2 = {https://doi.org/10.1257/mac.20130156}}

@article{schneider,
	Author = {Schneider, Daniel and Hastings, Orestes P and LaBriola, Joe},
	Date-Added = {2019-06-02 23:42:04 +0000},
	Date-Modified = {2019-06-02 23:42:10 +0000},
	Journal = {American Sociological Review},
	Number = {3},
	Pages = {475--507},
	Publisher = {SAGE Publications Sage CA: Los Angeles, CA},
	Title = {Income inequality and class divides in parental investments},
	Volume = {83},
	Year = {2018}}

@article{payne,
	Author = {Payne, Krista K},
	Date-Added = {2019-05-22 23:49:41 +0000},
	Date-Modified = {2019-05-22 23:49:47 +0000},
	Journal = {National Center for Family and Marriage Research, Bowling Green State University},
	Title = {Children's family structure, 2013},
	Year = {2013}}

@article{copen,
	Author = {Copen, Casey E and Daniels, Kimberly and Vespa, Jonathan},
	Date-Added = {2019-05-22 23:39:32 +0000},
	Date-Modified = {2019-05-22 23:39:42 +0000},
	Title = {First marriages in the United States; data from the 2006-2010 National Survey of Family Growth},
	Year = {2012}}

@article{pollak,
	Author = {Ginther, Donna K and Pollak, Robert A},
	Date-Added = {2019-05-22 22:50:21 +0000},
	Date-Modified = {2019-05-22 22:50:42 +0000},
	Journal = {Demography},
	Number = {4},
	Pages = {671--696},
	Publisher = {Springer},
	Title = {Family structure and children's educational outcomes: Blended families, stylized facts, and descriptive regressions},
	Volume = {41},
	Year = {2004}}

@article{akerlof,
	Author = {Akerlof, George A and Yellen, Janet L and Katz, Michael L},
	Date-Added = {2019-05-22 17:32:25 +0000},
	Date-Modified = {2019-05-22 17:32:30 +0000},
	Journal = {The Quarterly Journal of Economics},
	Number = {2},
	Pages = {277--317},
	Publisher = {MIT Press},
	Title = {An analysis of out-of-wedlock childbearing in the United States},
	Volume = {111},
	Year = {1996}}

@article{kearney,
	Author = {Kearney, Melissa S and Levine, Phillip B},
	Date-Added = {2019-05-22 17:21:19 +0000},
	Date-Modified = {2019-05-22 17:21:27 +0000},
	Journal = {Annual Review of Economics},
	Pages = {327--352},
	Publisher = {Annual Reviews},
	Title = {The Economics of Nonmarital Childbearing and the Marriage Premium for Children},
	Volume = {9},
	Year = {2017}}

@article{ejrnaes,
	Author = {Ejrn{\ae}s, M and J{\o}rgensen, TH},
	Date-Added = {2019-05-22 16:58:37 +0000},
	Date-Modified = {2019-05-22 17:00:12 +0000},
	Journal = {Unpublished working paper, Department of Economics, University of Copenhagen},
	Title = {Saving behavior around intended and unintended childbirths},
	Year = {2018}}

@article{sommer,
	Author = {Sommer, Kamila},
	Date-Added = {2019-05-22 16:54:02 +0000},
	Date-Modified = {2019-05-22 16:54:08 +0000},
	Journal = {Journal of Monetary Economics},
	Pages = {27--38},
	Publisher = {Elsevier},
	Title = {Fertility choice in a life cycle model with idiosyncratic uninsurable earnings risk},
	Volume = {83},
	Year = {2016}}

@article{shephard,
	Author = {Shephard, Andrew},
	Date-Added = {2019-05-22 16:45:52 +0000},
	Date-Modified = {2019-05-22 16:46:02 +0000},
	Publisher = {PIER Working Paper},
	Title = {Marriage market dynamics, gender, and the age gap},
	Year = {2019}}

@article{low-1,
	Author = {Low, Hamish and Meghir, Costas and Pistaferri, Luigi and Voena, Alessandra},
	Date-Added = {2019-05-22 16:41:23 +0000},
	Date-Modified = {2020-02-12 00:46:57 +0000},
	Institution = {National Bureau of Economic Research},
	Title = {Marriage, Labor Supply and the Dynamics of the Social Safety Net},
	Year = {2018}}

@article{voena-1,
	Author = {Voena, Alessandra},
	Date-Added = {2019-05-22 16:39:30 +0000},
	Date-Modified = {2019-05-22 16:39:36 +0000},
	Journal = {American Economic Review},
	Number = {8},
	Pages = {2295--2332},
	Title = {Yours, mine, and ours: Do divorce laws affect the intertemporal behavior of married couples?},
	Volume = {105},
	Year = {2015}}

@article{chiappori-review,
	Author = {Chiappori, Pierre-Andre and Mazzocco, Maurizio},
	Date-Added = {2019-05-22 16:14:15 +0000},
	Date-Modified = {2019-05-22 16:14:23 +0000},
	Journal = {Journal of Economic Literature},
	Number = {3},
	Pages = {985--1045},
	Title = {Static and intertemporal household decisions},
	Volume = {55},
	Year = {2017}}

@article{lafortune-1,
	Author = {Lafortune, Jeanne and Low, Corinne},
	Date-Added = {2018-06-07 18:05:09 +0000},
	Date-Modified = {2020-02-12 00:47:09 +0000},
	Institution = {Institute for the Study of Labor (IZA)},
	Keywords = {marriage; commitment; child investment; housing},
	Number = {11176},
	Title = {{Betting the House: How Assets Influence Marriage Selection, Marital Stability, and Child Investments}},
	Type = {IZA Discussion Papers},
	Url = {https://ideas.repec.org/p/iza/izadps/dp11176.html},
	Year = 2018,
	Bdsk-Url-1 = {https://ideas.repec.org/p/iza/izadps/dp11176.html}}
